@online{m-fowler,
author = {Martin Fowler},
title = {GUI Architectures},
year = {2006},
url = {http://martinfowler.com/eaaDev/uiArchs.html#HumbleView}
}

@online{tv-tropes,
title = {Arcade Perfect Port},
year = {2014},
url = {http://tvtropes.org/pmwiki/pmwiki.php/Main/ArcadePerfectPort}
}

@online{agile,
title = {Agile Methodology},
year = {2014},
url = {http://agilemethodology.org/}
}
